@STRING{ETP = {Entrepreneurship: Theory \& Practice}}
@STRING{FER = {Frontiers of Entrepreneurship Research}}
@STRING{OS = {Organization Science}}

@article{song2015construction,
	title={Construction of a Large-scale Image Dataset using Deep Learning with Humans in the Loop},
	author={Song, Fisher Yu Yinda Zhang Shuran and Xiao, Ari Seff Jianxiong},
	journal={arXiv preprint arXiv:1506.03365},
	year={2015}
}

@article{krizhevsky2009learning,
	title={Learning multiple layers of features from tiny images},
	author={Krizhevsky, Alex and Hinton, Geoffrey},
	year={2009},
	publisher={Citeseer}
}

@inproceedings{zhou2014learning,
	title={Learning deep features for scene recognition using places database},
	author={Zhou, Bolei and Lapedriza, Agata and Xiao, Jianxiong and Torralba, Antonio and Oliva, Aude},
	booktitle={Advances in neural information processing systems},
	pages={487--495},
	year={2014}
}

@inproceedings{liu2015deep,
	title={Deep learning face attributes in the wild},
	author={Liu, Ziwei and Luo, Ping and Wang, Xiaogang and Tang, Xiaoou},
	booktitle={Proceedings of the IEEE International Conference on Computer Vision},
	pages={3730--3738},
	year={2015}
}

@article{ioffe2015batch,
	title={Batch normalization: Accelerating deep network training by reducing internal covariate shift},
	author={Ioffe, Sergey and Szegedy, Christian},
	journal={arXiv preprint arXiv:1502.03167},
	year={2015}
}

@article{nasrabadi2007pattern,
	title={Pattern recognition and machine learning},
	author={Nasrabadi, Nasser M},
	journal={Journal of electronic imaging},
	volume={16},
	number={4},
	pages={049901},
	year={2007},
	publisher={International Society for Optics and Photonics}
}

@inproceedings{deng2009imagenet,
	title={Imagenet: A large-scale hierarchical image database},
	author={Deng, Jia and Dong, Wei and Socher, Richard and Li, Li-Jia and Li, Kai and Fei-Fei, Li},
	booktitle={Computer Vision and Pattern Recognition, 2009. CVPR 2009. IEEE Conference on},
	pages={248--255},
	year={2009},
	organization={IEEE}
}

@inproceedings{tieleman2008training,
	title={Training restricted Boltzmann machines using approximations to the likelihood gradient},
	author={Tieleman, Tijmen},
	booktitle={Proceedings of the 25th international conference on Machine learning},
	pages={1064--1071},
	year={2008},
	organization={ACM}
}

@inproceedings{xie2016theory,
	title={A theory of generative convnet},
	author={Xie, Jianwen and Lu, Yang and Zhu, Song-Chun and Wu, Yingnian},
	booktitle={International Conference on Machine Learning},
	pages={2635--2644},
	year={2016}
}

@article{neal2011mcmc,
	title={MCMC using Hamiltonian dynamics},
	author={Neal, Radford M and others},
	journal={Handbook of Markov Chain Monte Carlo},
	volume={2},
	number={11},
	year={2011},
	publisher={CRC Press New York, NY}
}

@article{girolami2011riemann,
	title={Riemann manifold langevin and hamiltonian monte carlo methods},
	author={Girolami, Mark and Calderhead, Ben},
	journal={Journal of the Royal Statistical Society: Series B (Statistical Methodology)},
	volume={73},
	number={2},
	pages={123--214},
	year={2011},
	publisher={Wiley Online Library}
}

@inproceedings{zhu1998grade,
	title={Grade: Gibbs reaction and diffusion equations},
	author={Zhu, Song Chun and Mumford, David},
	booktitle={Computer Vision, 1998. Sixth International Conference on},
	pages={847--854},
	year={1998},
	organization={IEEE}
}

@article{dai2014generative,
	title={Generative modeling of convolutional neural networks},
	author={Dai, Jifeng and Lu, Yang and Wu, Ying-Nian},
	journal={arXiv preprint arXiv:1412.6296},
	year={2014}
}

@article{hopfield1982neural,
	title={Neural networks and physical systems with emergent collective computational abilities},
	author={Hopfield, John J},
	journal={Proceedings of the national academy of sciences},
	volume={79},
	number={8},
	pages={2554--2558},
	year={1982},
	publisher={National Acad Sciences}
}

@article{liu2017learning,
	title={Learning Deep Energy Models: Contrastive Divergence vs. Amortized MLE},
	author={Liu, Qiang and Wang, Dilin},
	journal={arXiv preprint arXiv:1707.00797},
	year={2017}
}

@article{arjovsky2017wasserstein,
	title={Wasserstein gan},
	author={Arjovsky, Martin and Chintala, Soumith and Bottou, L{\'e}on},
	journal={arXiv preprint arXiv:1701.07875},
	year={2017}
}

@article{kim2016deep,
	title={Deep directed generative models with energy-based probability estimation},
	author={Kim, Taesup and Bengio, Yoshua},
	journal={arXiv preprint arXiv:1606.03439},
	year={2016}
}

@inproceedings{kingma2014semi,
	title={Semi-supervised learning with deep generative models},
	author={Kingma, Diederik P and Mohamed, Shakir and Rezende, Danilo Jimenez and Welling, Max},
	booktitle={Advances in Neural Information Processing Systems},
	pages={3581--3589},
	year={2014}
}

@article{miyato2015distributional,
	title={Distributional smoothing by virtual adversarial examples},
	author={Miyato, Takeru and Maeda, Shin-ichi and Koyama, Masanori and Nakae, Ken and Ishii, Shin},
	journal={stat},
	volume={1050},
	pages={2},
	year={2015}
}

@article{maaloe2016auxiliary,
	title={Auxiliary deep generative models},
	author={Maal{\o}e, Lars and S{\o}nderby, Casper Kaae and S{\o}nderby, S{\o}ren Kaae and Winther, Ole},
	journal={arXiv preprint arXiv:1602.05473},
	year={2016}
}

@article{radford2015unsupervised,
	title={Unsupervised representation learning with deep convolutional generative adversarial networks},
	author={Radford, Alec and Metz, Luke and Chintala, Soumith},
	journal={arXiv preprint arXiv:1511.06434},
	year={2015}
}

@inproceedings{salimans2016improved,
	title={Improved techniques for training gans},
	author={Salimans, Tim and Goodfellow, Ian and Zaremba, Wojciech and Cheung, Vicki and Radford, Alec and Chen, Xi},
	booktitle={Advances in Neural Information Processing Systems},
	pages={2234--2242},
	year={2016}
}

@inproceedings{pathak2016context,
	title={Context encoders: Feature learning by inpainting},
	author={Pathak, Deepak and Krahenbuhl, Philipp and Donahue, Jeff and Darrell, Trevor and Efros, Alexei A},
	booktitle={Proceedings of the IEEE Conference on Computer Vision and Pattern Recognition},
	pages={2536--2544},
	year={2016}
}

@article{radford2015unsupervised,
	title={Unsupervised representation learning with deep convolutional generative adversarial networks},
	author={Radford, Alec and Metz, Luke and Chintala, Soumith},
	journal={arXiv preprint arXiv:1511.06434},
	year={2015}
}

@inproceedings{carreira2005contrastive,
	title={On contrastive divergence learning.},
	author={Carreira-Perpinan, Miguel A and Hinton, Geoffrey E},
	booktitle={Aistats},
	volume={10},
	pages={33--40},
	year={2005},
	organization={Citeseer}
}

@inproceedings{goodfellow2014generative,
	title={Generative adversarial nets},
	author={Goodfellow, Ian and Pouget-Abadie, Jean and Mirza, Mehdi and Xu, Bing and Warde-Farley, David and Ozair, Sherjil and Courville, Aaron and Bengio, Yoshua},
	booktitle={Advances in neural information processing systems},
	pages={2672--2680},
	year={2014}
}

@article{lecun2015deep,
	title={Deep learning},
	author={LeCun, Yann and Bengio, Yoshua and Hinton, Geoffrey},
	journal={nature},
	volume={521},
	number={7553},
	pages={436},
	year={2015},
	publisher={Nature Publishing Group}
}

@article{hinton2002training,
	title={Training products of experts by minimizing contrastive divergence},
	author={Hinton, Geoffrey E},
	journal={Neural computation},
	volume={14},
	number={8},
	pages={1771--1800},
	year={2002},
	publisher={MIT Press}
}

@article{gilks2005markov,
	title={Markov chain monte carlo},
	author={Gilks, Walter R},
	journal={Encyclopedia of Biostatistics},
	year={2005},
	publisher={Wiley Online Library}
}

@article{xie2016cooperative,
	title={Cooperative training of descriptor and generator networks},
	author={Xie, Jianwen and Lu, Yang and Gao, Ruiqi and Zhu, Song-Chun and Wu, Ying Nian},
	journal={arXiv preprint arXiv:1609.09408},
	year={2016}
}

@article{lu2015learning,
	title={Learning FRAME models using CNN filters},
	author={Lu, Yang and Zhu, Song-Chun and Wu, Ying Nian},
	journal={arXiv preprint arXiv:1509.08379},
	year={2015}
}

@article{matlab1760mathworks,
	title={The mathworks},
	author={Matlab, Userâ€™s Guide},
	journal={Inc., Natick, MA},
	volume={1992},
	year={1760}
}

@inproceedings{vedaldi2015matconvnet,
	title={Matconvnet: Convolutional neural networks for matlab},
	author={Vedaldi, Andrea and Lenc, Karel},
	booktitle={Proceedings of the 23rd ACM international conference on Multimedia},
	pages={689--692},
	year={2015},
	organization={ACM}
}

@inproceedings{welling2011bayesian,
	title={Bayesian learning via stochastic gradient Langevin dynamics},
	author={Welling, Max and Teh, Yee W},
	booktitle={Proceedings of the 28th International Conference on Machine Learning (ICML-11)},
	pages={681--688},
	year={2011}
}

@inproceedings{ngiam2011learning,
	title={Learning deep energy models},
	author={Ngiam, Jiquan and Chen, Zhenghao and Koh, Pang W and Ng, Andrew Y},
	booktitle={Proceedings of the 28th International Conference on Machine Learning (ICML-11)},
	pages={1105--1112},
	year={2011}
}

@article{lecun2006tutorial,
	title={A tutorial on energy-based learning},
	author={LeCun, Yann and Chopra, Sumit and Hadsell, Raia and Ranzato, M and Huang, F},
	journal={Predicting structured data},
	volume={1},
	number={0},
	year={2006}
}

@inproceedings{goodfellow2014generative,
	title={Generative adversarial nets},
	author={Goodfellow, Ian and Pouget-Abadie, Jean and Mirza, Mehdi and Xu, Bing and Warde-Farley, David and Ozair, Sherjil and Courville, Aaron and Bengio, Yoshua},
	booktitle={Advances in neural information processing systems},
	pages={2672--2680},
	year={2014}
}

@article{eddy1996hidden,
	title={Hidden markov models},
	author={Eddy, Sean R},
	journal={Current opinion in structural biology},
	volume={6},
	number={3},
	pages={361--365},
	year={1996},
	publisher={Elsevier}
}

@inproceedings{gatys2016image,
	title={Image style transfer using convolutional neural networks},
	author={Gatys, Leon A and Ecker, Alexander S and Bethge, Matthias},
	booktitle={Computer Vision and Pattern Recognition (CVPR), 2016 IEEE Conference on},
	pages={2414--2423},
	year={2016},
	organization={IEEE}
}

@article{isola2017image,
	title={Image-to-image translation with conditional adversarial networks},
	author={Isola, Phillip and Zhu, Jun-Yan and Zhou, Tinghui and Efros, Alexei A},
	journal={arXiv preprint},
	year={2017}
}

@article{ledig2016photo,
	title={Photo-realistic single image super-resolution using a generative adversarial network},
	author={Ledig, Christian and Theis, Lucas and Husz{\'a}r, Ferenc and Caballero, Jose and Cunningham, Andrew and Acosta, Alejandro and Aitken, Andrew and Tejani, Alykhan and Totz, Johannes and Wang, Zehan and others},
	journal={arXiv preprint},
	year={2016}
}

@inproceedings{jaakkola1999exploiting,
	title={Exploiting generative models in discriminative classifiers},
	author={Jaakkola, Tommi and Haussler, David},
	booktitle={Advances in neural information processing systems},
	pages={487--493},
	year={1999}
}

@incollection{hastie2009unsupervised,
	title={Unsupervised learning},
	author={Hastie, Trevor and Tibshirani, Robert and Friedman, Jerome},
	booktitle={The elements of statistical learning},
	pages={485--585},
	year={2009},
	publisher={Springer}
}